
% Journals

% First the Full Name is given, then the abbreviation used in the AMS Math
% Reviews, with an indication if it could not be found there.
% Note the 2nd overwrites the 1st, so swap them if you want the full name.

 %{AMS}
 @String{AMSTrans = "American Mathematical Society Translations" }
 @String{AMSTrans = "Amer. Math. Soc. Transl." }
 @String{BullAMS = "Bulletin of the American Mathematical Society" }
 @String{BullAMS = "Bull. Amer. Math. Soc." }
 @String{ProcAMS = "Proceedings of the American Mathematical Society" }
 @String{ProcAMS = "Proc. Amer. Math. Soc." }
 @String{TransAMS = "Transactions of the American Mathematical Society" }
 @String{TransAMS = "Trans. Amer. Math. Soc." }

 %ACM
 @String{CACM = "Communications of the {ACM}" }
 @String{CACM = "Commun. {ACM}" }
 @String{CompServ = "Comput. Surveys" }
 @String{JACM = "J. ACM" }
 @String{ACMMathSoft = "{ACM} Transactions on Mathematical Software" }
 @String{ACMMathSoft = "{ACM} Trans. Math. Software" }
 @String{SIGNUM = "{ACM} {SIGNUM} Newsletter" }
 @String{SIGNUM = "{ACM} {SIGNUM} Newslett." }

 @String{AmerSocio = "American Journal of Sociology" }
 @String{AmerStatAssoc = "Journal of the American Statistical Association" }
 @String{AmerStatAssoc = "J. Amer. Statist. Assoc." }
 @String{ApplMathComp = "Applied Mathematics and Computation" }
 @String{ApplMathComp = "Appl. Math. Comput." }
 @String{AmerMathMonthly = "American Mathematical Monthly" }
 @String{AmerMathMonthly = "Amer. Math. Monthly" }
 @String{BIT = "{BIT}" }
 @String{BritStatPsych = "British Journal of Mathematical and Statistical
          Psychology" }
 @String{BritStatPsych = "Brit. J. Math. Statist. Psych." }
 @String{CanMathBull = "Canadian Mathematical Bulletin" }
 @String{CanMathBull = "Canad. Math. Bull." }
 @String{CompApplMath = "Journal of Computational and Applied Mathematics" }
 @String{CompApplMath = "J. Comput. Appl. Math." }
 @String{CompPhys = "Journal of Computational Physics" }
 @String{CompPhys = "J. Comput. Phys." }
 @String{CompStruct = "Computers and Structures" }
 @String{CompStruct = "Comput. \& Structures" }
 @String{CompJour = "The Computer Journal" }
 @String{CompJour = "Comput. J." }
 @String{CompSysSci = "Journal of Computer and System Sciences" }
 @String{CompSysSci = "J. Comput. System Sci." }
 @String{Computing = "Computing" }
 @String{ContempMath = "Contemporary Mathematics" }
 @String{ContempMath = "Contemp. Math." }
 @String{Crelle = "Crelle's Journal" }
 @String{GiornaleMath = "Giornale di Mathematiche" }
 @String{GiornaleMath = "Giorn. Mat." } % didn't find in AMS MR., ibid.

 %IEEE
 @String{Computer = "{IEEE} Computer" }
 @String{IEEETransComp = "{IEEE} Transactions on Computers" }
 @String{IEEETransComp = "{IEEE} Trans. Comput." }
 @String{IEEETransAC = "{IEEE} Transactions on Automatic Control" }
 @String{IEEETransAC = "{IEEE} Trans. Automat. Control" }
 @String{IEEESpec = "{IEEE} Spectrum" } % didn't find in AMS MR
 @String{ProcIEEE = "Proceedings of the {IEEE}" }
 @String{ProcIEEE = "Proc. {IEEE}" } % didn't find in AMS MR
 @String{IEEETransAeroElec = "{IEEE} Transactions on Aerospace and Electronic
     Systems" }
 @String{IEEETransAeroElec = "{IEEE} Trans. Aerospace Electron. Systems" }

 @String{IMANumerAna = "{IMA} Journal of Numerical Analysis" }
 @String{IMANumerAna = "{IMA} J. Numer. Anal." }
 @String{InfProcLet = "Information Processing Letters" }
 @String{InfProcLet = "Inform. Process. Lett." }
 @String{InstMathApp = "Journal of the Institute of Mathematics and
     its Applications" }
 @String{InstMathApp = "J. Inst. Math. Appl." }
 @String{IntControl = "International Journal of Control" }
 @String{IntControl = "Internat. J. Control" }
 @String{IntNumerEng = "International Journal for Numerical Methods in
     Engineering" }
 @String{IntNumerEng = "Internat. J. Numer. Methods Engrg." }
 @String{IntSuper = "International Journal of Supercomputing Applications" }
 @String{IntSuper = "Internat. J. Supercomputing Applic." } % didn't find
%% in AMS MR
 @String{Kibernetika = "Kibernetika" }
 @String{JResNatBurStand = "Journal of Research of the National Bureau
     of Standards" }
 @String{JResNatBurStand = "J. Res. Nat. Bur. Standards" }
 @String{LinAlgApp = "Linear Algebra and its Applications" }
 @String{LinAlgApp = "Linear Algebra Appl." }
 @String{MathAnaAppl = "Journal of Mathematical Analysis and Applications" }
 @String{MathAnaAppl = "J. Math. Anal. Appl." }
 @String{MathAnnalen = "Mathematische Annalen" }
 @String{MathAnnalen = "Math. Ann." }
 @String{MathPhys = "Journal of Mathematical Physics" }
 @String{MathPhys = "J. Math. Phys." }
 @String{MathComp = "Mathematics of Computation" }
 @String{MathComp = "Math. Comp." }
 @String{MathScand = "Mathematica Scandinavica" }
 @String{MathScand = "Math. Scand." }
 @String{TablesAidsComp = "Mathematical Tables and Other Aids to Computation" }
 @String{TablesAidsComp = "Math. Tables Aids Comput." }
 @String{NumerMath = "Numerische Mathematik" }
 @String{NumerMath = "Numer. Math." }
 @String{PacificMath = "Pacific Journal of Mathematics" }
 @String{PacificMath = "Pacific J. Math." }
 @String{ParDistComp = "Journal of Parallel and Distributed Computing" }
 @String{ParDistComp = "J. Parallel and Distrib. Comput." } % didn't find
%% in AMS MR
 @String{ParComputing = "Parallel Computing" }
 @String{ParComputing = "Parallel Comput." }
 @String{PhilMag = "Philosophical Magazine" }
 @String{PhilMag = "Philos. Mag." }
 @String{ProcNAS = "Proceedings of the National Academy of Sciences
                    of the USA" }
 @String{ProcNAS = "Proc. Nat. Acad. Sci. U. S. A." }
 @String{Psychometrika = "Psychometrika" }
 @String{QuartMath = "Quarterly Journal of Mathematics, Oxford, Series (2)" }
 @String{QuartMath = "Quart. J. Math. Oxford Ser. (2)" }
 @String{QuartApplMath = "Quarterly of Applied Mathematics" }
 @String{QuartApplMath = "Quart. Appl. Math." }
 @String{RevueInstStat = "Review of the International Statisical Institute" }
 @String{RevueInstStat = "Rev. Inst. Internat. Statist." }

 %SIAM
 @String{JSIAM = "Journal of the Society for Industrial and Applied
     Mathematics" }
 @String{JSIAM = "J. Soc. Indust. Appl. Math." }
 @String{JSIAMB = "Journal of the Society for Industrial and Applied
     Mathematics, Series B, Numerical Analysis" }
 @String{JSIAMB = "J. Soc. Indust. Appl. Math. Ser. B Numer. Anal." }
 @String{SIAMAlgMeth = "{SIAM} Journal on Algebraic and Discrete Methods" }
 @String{SIAMAlgMeth = "{SIAM} J. Algebraic Discrete Methods" }
 @String{SIAMAppMath = "{SIAM} Journal on Applied Mathematics" }
 @String{SIAMAppMath = "{SIAM} J. Appl. Math." }
 @String{SIAMComp = "{SIAM} Journal on Computing" }
 @String{SIAMComp = "{SIAM} J. Comput." }
 @String{SIAMMatrix = "{SIAM} Journal on Matrix Analysis and Applications" }
 @String{SIAMMatrix = "{SIAM} J. Matrix Anal. Appl." }
 @String{SIAMNumAnal = "{SIAM} Journal on Numerical Analysis" }
 @String{SIAMNumAnal = "{SIAM} J. Numer. Anal." }
 @String{SIAMReview = "{SIAM} Review" }
 @String{SIAMReview = "{SIAM} Rev." }
 @String{SIAMSciStat = "{SIAM} Journal on Scientific and Statistical
     Computing" }
 @String{SIAMSciStat = "{SIAM} J. Sci. Statist. Comput." }

 @String{SoftPracExp = "Software Practice and Experience" }
 @String{SoftPracExp = "Software Prac. Experience" } % didn't find in AMS MR
 @String{StatScience = "Statistical Science" }
 @String{StatScience = "Statist. Sci." }
 @String{Techno = "Technometrics" }
 @String{USSRCompMathPhys = "{USSR} Computational Mathematics and Mathematical
     Physics" }
 @String{USSRCompMathPhys = "{U. S. S. R.} Comput. Math. and Math. Phys." }
 @String{VLSICompSys = "Journal of {VLSI} and Computer Systems" }
 @String{VLSICompSys = "J. {VLSI} Comput. Syst." }
 @String{ZAngewMathMech = "Zeitschrift fur Angewandte Mathematik und
     Mechanik" }
 @String{ZAngewMathMech = "Z. Angew. Math. Mech." }
 @String{ZAngewMathPhys = "Zeitschrift fur Angewandte Mathematik und Physik" }
 @String{ZAngewMathPhys = "Z. Angew. Math. Phys." }

% Publishers % ================================================= |

 @String{Academic = "Academic Press" }
 @String{ACMPress = "{ACM} Press" }
 @String{AdamHilger = "Adam Hilger" }
 @String{AddisonWesley = "Addison-Wesley" }
 @String{AllynBacon = "Allyn and Bacon" }
 @String{AMS = "American Mathematical Society" }
 @String{Birkhauser = "Birkha{\"u}ser" }
 @String{CambridgePress = "Cambridge University Press" }
 @String{Chelsea = "Chelsea" }
 @String{ClaredonPress = "Claredon Press" }
 @String{DoverPub = "Dover Publications" }
 @String{Eyolles = "Eyolles" }
 @String{HoltRinehartWinston = "Holt, Rinehart and Winston" }
 @String{Interscience = "Interscience" }
 @String{JohnsHopkinsPress = "The Johns Hopkins University Press" }
 @String{JohnWileySons = "John Wiley and Sons" }
 @String{Macmillan = "Macmillan" }
 @String{MathWorks = "The Math Works Inc." }
 @String{McGrawHill = "McGraw-Hill" }
 @String{NatBurStd = "National Bureau of Standards" }
 @String{NorthHolland = "North-Holland" }
 @String{OxfordPress = "Oxford University Press" }  %address Oxford or London?
 @String{PergamonPress = "Pergamon Press" }
 @String{PlenumPress = "Plenum Press" }
 @String{PrenticeHall = "Prentice-Hall" }
 @String{SIAMPub = "{SIAM} Publications" }
 @String{Springer = "Springer-Verlag" }
 @String{TexasPress = "University of Texas Press" }
 @String{VanNostrand = "Van Nostrand" }
 @String{WHFreeman = "W. H. Freeman and Co." }

%Entries

@Article{CRP01,
  author        = "Yevheniya Nosyk et al",
  title         = "The Closed Resolver Project: Measuring the Deployment of Inbound Source Address Validation",
  journal       = "IEEE/ACM Transactions on Networking",
  volume        = "31",
  number        = "6",
  month         = jul,
  year          = "2023",
  pages         = "2589--2603",
  doi           = "10.1109/TNET.2023.3257413",
  url           = "https://ieeexplore.ieee.org/document/10082958",
}

@Article{Spoofer01,
  author        = "Robert Beverly and Steven Bauer",
  title         = "The Spoofer Project: Inferring the Extent of Source Address Filtering on the Internet",
  journal       = "usenix",
  volume        = "1",
  number        = "1",
  month         = jul,
  year          = "2005",
  pages         = "1--8",
  url           = "https://www.usenix.org/legacy/event/sruti05/tech/full_papers/beverly/beverly.pdf",
}

@Article{Lone01,
  author        = "Qasim Lone (u.a.)",
  title         = "SAVing the Internet
Measuring the adoption of Source Address Validation (SAV) by network providers",
  journal       = "[Dissertation (TU Delft), Delft University of Technology]",
  volume        = "1",
  number        = "1",
  year          = "2022",
  pages         = "37--62",
  doi           = "10.4233/uuid:cfed8540-76cf-4d35-b528-b03230ef98e0",
  url           = "https://doi.org/10.4233/uuid:cfed8540-76cf-4d35-b528-b03230ef98e0",
}

@Article{Lou01,
  author        = "Luo Xi et al",
  title         = "A Large Scale Analysis of DNS Water Torture Attack",
  journal       = "Association for Computing Machinery",
  volume        = "1",
  number        = "1",
  year          = "2018",
  pages         = "168–173",
  doi           = "10.1145/3297156.3297272",
  url           = "https://doi.org/10.1145/3297156.3297272",
}

@Article{Hohlfeld01,
  author        = "Matthias Wichtlhuber et al",
  title         = "IXP Scrubber: Learning from Blackholing Traffic
for ML-Driven DDoS Detection at Scale",
  journal       = "SIGCOMM",
  volume        = "14",
  number        = "1",
  month         = aug,
  year          = "2022",
  pages         = "1--16",
  doi           = "10.1145/3544216.3544268",
  url           = "https://dl.acm.org/doi/10.1145/3544216.3544268",
}

@Article{FrontDoor01,
  author        = "Maciej Korczy´nski et al",
  title         = "Don’t Forget to Lock the Front Door! Inferring the Deployment of Source Address Validation of Inbound Traffic",
  journal       = "Proceedings of the Passive and Active Network Measurement Conference",
  volume        = "1",
  number        = "1",
  month         = feb,
  year          = "2020",
  pages         = "1--15",
  doi           = "10.48550/arXiv.2002.00441",
  url           = "https://doi.org/10.48550/arXiv.2002.00441",
}

@Article{Beverly01,
  author        = "Robert Beverly et al",
  title         = "Understanding the efficacy of deployed internet source address validation        filtering",
  journal       = "SIGCOMM",
  volume        = "14",
  number        = "1",
  month         = nov,
  year          = "2009",
  pages         = "1--14",
  doi           = "10.1145/1644893.1644936",
  url           = "https://dl.acm.org/doi/abs/10.1145/1644893.1644936",
}

@Article{Gorilla01,
  author        = "Jakub Czyz et al",
  title         = "Taming the 800 Pound Gorilla: The Rise and Decline of
NTP DDoS Attacks",
  journal       = "ACM Internet Meas. Conf.",
  volume        = "",
  number        = "1",
  year          = "2014",
  pages         = "435--448",
  doi           = "10.1145/2663716.2663717",
  url           = "https://doi.org/10.1145/2663716.2663717",
  note          = "",
}

@Article{Kor01,
  author        = "Maciej Korczy ´nski and Yevheniya Nosyk",
  title         = "Source Address Validation",
  journal       = "Encyclopedia of Cryptography, Security and Privacy",
  number        = "1",
  month         = jan,
  year          = "2023",
  pages         = "1--6", 
  doi           = "10.48550/arXiv.2301.09952",
  url           = "https://doi.org/10.48550/arXiv.2301.09952",
  note          = "",
}

@online{manrs01,
  author =       "Qasim Lone",
  year =         "2023",
  title =        "Why is Source Address Validation Still a Problem?",
  url =          "https://www.manrs.org/2023/04/why-is-source-address-validation-still-a-problem/",
  lastaccessed = "Februar 01, 2024",
}

@Article{Ingress01,
  author        = "P. Ferguson, D. Senie",
  title         = "Network Ingress Filtering: Defeating Denial of Service Attacks which employ IP Source Address Spoofing",
  journal       = "BCP 38, RFC 2827",
  number        = "1",
  volume        = "1",
  month         = may,
  year          = "2000",
  pages         = "1--10", 
  url           = "https://www.rfc-editor.org/info/bcp38",
  note          = "",
}

@Article{Hal01,
  author        = "Maciej Korczyński, Yevheniya Nosyk",
  title         = "Source Address Validation",
  journal       = "Springer Berlin Heidelberg, ",
  number        = "1",
  year          = "2021",
  pages         = "1--5", 
  url           = "https://hal.science/hal-04027475/document",
  note          = "",
}

@Article{Bcp84,
  author        = "P. Ferguson, D. Senie",
  title         = "Ingress Filtering for Multihomed Networks",
  journal       = "BCP 84, RFC 3704",
  number        = "1",
  month         = mar,
  year          = "2004",
  pages         = "1--16", 
  url           = "https://www.rfc-editor.org/info/rfc3704",
  note          = "",
}

@online{anti-spoofing01,
  author =       "MANRS",
  year =         "23",
  title =        "MANRS Implementation Guide",
  url =          "https://manrs.org/netops/guide/antispoofing/",
  lastaccessed = "Februar 05, 2024",
}

@online{ixp01,
  author =       "cloudflare",
  year =         "",
  title =        "Was ist ein Internet Exchange Point? | Cloudflare",
  url =          "https://www.cloudflare.com/de-de/learning/cdn/glossary/internet-exchange-point-ixp/",
  lastaccessed = "Januar 14, 2024",
}

@online{blackhole01,
  author =       "cloudflare",
  year =         "",
  title =        "Was ist Blackhole-Routing?",
  url =          "https://www.cloudflare.com/de-de/learning/ddos/glossary/ddos-blackhole-routing/",
  lastaccessed = "Januar 19, 2024",
}

